4500 5567
982 584 1094 673 10

983 788 1149 888 ‘Qua
1220 789 1312 865 de
1375 818 1456 867 re
1516 791 2036 893 antiquissimis
2066 789 2550 893 ·temporihns.
2586 787 2971 892 'sanguinis
3034 789 3425 894 vindictam
3491 821 3641 871 non
3702 797 3794 887 ad

961 888 1633 987 ‘unum,'·nimirum
1687 896 2013 992 proxime
2066 904 2481 991 cognatum,
2538 918 2750 990 quem
2797 918 3069 966 morem
3121 897 3354 967 serius
3383 894 3793 977 'obtinuisse

983 994 1178 1068 infra
1228 993 1672 1088 videbimus»,
1741 995 1871 1067 sed
1917 994 2009 1066 ad
2052 993 2504 1091 complures,
2560 994 2861 1067 fortasse
2911 992 3003 1066 ad
3053 1018 3301 1067 omnes
3349 1000 3793 1099 propinquos

984 1096 1417 1194 pertinuisse
1461 1098 1635 1168 satis
1681 1104 1916 1194 pate‘t5
1974 1096 2103 1192 qui
2155 1094 2455 1165 ulterior
2505 1119 2658 1165 mos
2711 1092 2972 1166 mirum
3018 1096 3094 1165 in
3144 1096 3437 1188 modum
3475 1126 3637 1188 cum
3683 1103 3794 1173 in··

986 1197 1202 1294 genio
1251 1206 1651 1293 naturaque
1704 1198 2063 1268 consentit
2097 1196 2602 1292 antiquitatis»,
2693 1196 2772 1265 in
2832 1222 2973 1294 qua
3016 1206 3270 1293 gentes
3333 1197 3796 1299 familiaeque

850 1395 861 1406 α
988 1323 1213 1367 unum
1273 1322 1475 1391 quasi
1527 1322 1787 1393 corpus
1839 1293 2229 1385 sistebant,
2288 1294 2498 1393 cujus
2549 1307 2762 1392 capnt
2792 1306 2944 1367 erat
2992 1295 3547 1392 paterfamilias,
3601 1300 3799 1376 hunc

992 1399 1066 1467 in
1116 1395 1451 1486 mudum,
1506 1386 1632 1488 ut,
1685 1398 1749 1469 si
1790 1397 1912 1470 cui
1953 1394 2049 1467 ad
2097 1394 2444 1469 familiam
2493 1393 2855 1492 adscripto
2905 1394 3174 1492 injuria
3217 1396 3650 1493 inferretur,
3706 1399 3800 1478 ad

992 1524 1217 1567 unum
1277 1521 1522 1567 omnes
1574 1495 1665 1568 ad
1715 1496 2104 1570 vindictam
2147 1492 2570 1568 sumendam
2637 1497 2865 1592 parati
2906 1508 3172 1572 essent.
3310 1498 3803 1598 sequentibus
3888 1545 3896 1555 -

992 1611 1229 1667 nutem
1301 1596 1780 1694 tmnporibus,
1873 1624 2097 1696 quum
2168 1596 2357 1669 illud
2385 1595 2848 1670 familiarum
2912 1600 3383 1698 gentiumque
3429 1600 3800 1678 vinculum

951 1715 955 1720 ’
996 1727 1281 1783 nurum,
1341 1700 1634 1795 quibas
1687 1698 2125 1790 efficiebant,
2164 1722 2485 1792 ‚numero
2537 1707 2754 1793 atque
2806 1697 3268 1772 multitudine
3323 1703 3590 1774 sensim
3637 1727 3802 1777 sen-'-

992 1803 1273 1895 simque
1333 1799 1635 1869 mintius
1690 1797 2153 1889 redderetur,
2204 1821 2602 1894 ⁸quumque
2660 1798 2753 1889 ii,
2841 1800 2969 1896 qui
3021 1810 3322 1871 mortem
3373 1802 3799 1897 intulerant,

996 1903 1478 1978 enlm-vrsrsnte
1527 1898 1967 2004 populorum·
2001 1908 2399 1970 mercatura
2449 1908 2662 1993 atque
2699 1900 3242 1991 communione,
3296 1901 3376 1970 in
3423 1911 3651 1974 terras
3688 1929 3801 1978 rc·

1000 2003 1465 2091 nffllissimas,
1540 1999 1897 2070 vindictae
1947 2010 2146 2070 metu
2193 1995 2586 2095 compulsi,
2653 2022 3174 2097 nonnunquam
3228 2026 3306 2072 se
3357 2001 3803 2100 conferrent,

996 2125 1513 2198 saepenumero
1563 2102 1851 2172 evenire
1904 2097 2250 2191 debebat,
2340 2108 2424 2170 ut
2465 2097 2965 2169 interfectores
3017 2101 3353 2196 impuniti
3396 2114 3798 2179 manerent.

997 2199 1295 2301 Itaque,
1374 2227 1598 2298 quum
1652 2200 1869 2273 occisi
1948 2197 2203 2271 umbra
2269 2224 2417 2271 non
2477 2199 2722 2294 prius,
2795 2222 3011 2296 quam
3081 2198 3282 2297 ejus,
3348 2204 3477 2301 qui
3527 2205 3803 2281 occide.

997 2313 1153 2392 rat,
1258 2299 1439 2372 ultio
1527 2301 1713 2371 facta
1775 2311 2004 2390 esset,
2102 2301 2347 2397 quiete
2405 2308 2621 2395 atque
2683 2298 3200 2397 tranquillitate
3255 2301 3580 2377 fructura
3648 2330 3805 2380 esse

998 2400 1219 2502 vulgo
1264 2399 1718 2493 crederetur,
1783 2410 1868 2472 ut
1913 2398 2229 2471 vindicta
2280 2396 2476 2469 haud
2524 2395 2742 2470 dubie
2785 2409 3188 2569 peteretur,
3261 2427 3430 2476 mox
3471 2403 3566 2477 ad
3605 2432 3803 2501 eum,

1057 2504 1133 2571 ui
1196 2503 1731 2599 propinquitate
1786 2499 1877 2571 ab
1944 2500 2114 2592 illo,
2205 2498 2416 2597 cujus
2469 2524 2660 2570 mors
2735 2525 2787 2570 u
2817 2499 3147 2576 ciseenda
3198 2512 3391 2595 erat,
3480 2508 3808 2603 proxime
3866 2560 3877 2568 -

1002 2528 1288 2695 ghent,
1379 2600 1719 2700 injuriam
1772 2601 2043 2673 illatam
2109 2596 2509 2672 ulciscendi
2566 2601 2854 2673 transiit
2906 2601 3258 2695 officium,
3324 2607 3485 2696 cui,
3579 2609 3644 2679 si
3692 2633 3809 2700 res

999 2700 1451 2803 postulabat,
1532 2712 1751 2774 totam
1802 2699 1982 2773 adeo
2032 2703 2297 2794 vitam,
2386 2698 2756 2774 dedecoris
2809 2702 3393 2804 ignominiaeque
3443 2706 3808 2782 fortunam

1004 2805 1399 2896 vitaturus,
1457 2802 1694 2875 dicare
1747 2800 2077 2875 debebat.
2188 2800 2312 2874 Sic
2351 2802 2692 2898 temporis
2746 2799 3031 2873 demum
3083 2830 3473 2902 progressu
3504 2807 3812 2883 vindicis

1002 2905 1420 3004 sanguinis,
1490 2921 1705 3002 quem
1749 2927 1953 2974 sacra
1998 2904 2356 2998 scriptura
2406 2907 2536 3001 ὃς)
2585 2910 2832 2993 vocat,
2896 2905 3325 2978 exstiterunt
3357 2907 3626 2999 officia,
3682 2903 3814 2982 sed

986 3017 1241 3078 tamen
1294 3002 1522 3076 multo
1568 3014 1774 3111 ante,
1834 3028 2048 3101 quam
2089 3003 2334 3075 Moses
2386 3005 2577 3074 inter
2606 3000 2922 3077 Judaeos
2951 3003 3291 3096 vivebat,
3349 3008 3468 3078 cui
3519 3007 3814 3107 quidem

882 3101 893 3112 “
996 3104 1151 3204 jam
1217 3103 1671 3201 legislatione
1725 3119 1854 3173 sua
1913 3102 1992 3173 id
2053 3102 2496 3173 moliendum
2549 3111 2743 3195 erat,
2838 3115 2920 3175 ut
2982 3101 3180 3177 illius
3247 3104 3554 3182 vindicis
3606 3108 3809 3207 jura,

1009 3206 1276 3304 quippe
1340 3204 1606 3301 quibus
1660 3212 1918 3274 cuneta
1967 3204 2327 3289 societatis
2398 3201 2752 3275 humanae
2806 3206 3154 3277 securitas
3216 3231 3641 3284 evanescere
3702 3213 3813 3285 in·

1008 3306 1320 3402 ciperet,
1365 3346 1377 3356 =
1421 3302 1958 3400 angustioribus
2025 3299 2297 3374 finibus
2358 3301 3148 3388 circumscriberentur.
3286 3307 3399 3381 De
3465 3311 3556 3383 iis
3607 3336 3812 3406 vero,

916 3406 935 3417 ‘
1064 3407 1137 3475 ui
1199 3403 1560 3475 neminem
1612 3402 2021 3475 occiderant
2085 3406 2359 3502 quique
2405 3430 2498 3477 ex
2552 3400 2722 3500 jure
2786 3401 3071 3477 talionis
3125 3432 3272 3479 non
3335 3407 3579 3506 gladio
3622 3414 3811 3487 occi·

1008 3431 1229 3578 dendi
1281 3513 1524 3596 erant,
1560 3502 2038 3603 ‘'supplicinm
2089 3505 2344 3602 capitis
2394 3527 2708 3605 smper,
2794 3516 2881 3580 ut
2917 3506 3112 3580 infra
3161 3507 3608 3606 videbimus,
3684 3539 3819 3611 per

904 3672 912 3685 ,
1010 3604 1413 3703 complures
1464 3602 1909 3675 sumebatur.
2248 3618 2253 3621 ’

1267 3757 1285 3775 .
1343 3700 1429 3776 4.
1539 3704 1915 3805 Denique,
1972 3714 2056 3776 ut
2100 3705 2549 3803 propositum
2590 3715 2753 3796 -est,
2810 3703 2901 3778 de
2948 3729 3343 3802 poenarum
3384 3708 3641 3806 capitis
3677 3709 3817 3790 hae

1010 3703 1305 3907 periodo
1365 3805 1736 3878 obviarum
1803 3815 2060 3878 namra
2109 3816 2331 3905 atque
2330 3804 2734 3977 aqualata&
2796 3795 3073 3902 aliquid
3138 3802 3497 3902 adjiciam.
3647 3811 3817 3887 Duo

1011 3907 1127 3980 vel
1181 3907 1480 3981 fortasse
1535 3909 1667 3978 tria
1715 3931 2108 4003 poenarum
2163 3908 2322 4003 capi
2430 3909 2575 3976 ium
2628 3928 2895 4003 genera
2936 3918 3354 3980 occurrunt.
3488 3911 3810 3987 Primum

1013 4010 1206 4081 enim
1271 4003 1512 4105 ‘illudio
1562 4005 1679 4077 vel
1730 4006 1954 4080 cultro
2020 4012 2128 4098 is,
2219 4007 2379 4105 qui·
2408 4003 2722 4102 aliquem
2773 4005 3170 4097 occiderat,
3265 4009 3724 4084 occidebatur
3770 4040 3813 4086 a
3841 4029 3856 4038 ‘

1011 4107 1295 4180 vindice
1347 4107 1763 4206 sanguinis,
1852 4110 1983 4205 qui
2042 4109 2158 4181 his
2210 4105 2710 4178 instrumentis
2758 4116 3073 4178 armatus
3119 4106 3213 4179 ad
3256 4110 3642 4182 vindictam
3693 4129 3813 4186 sn'-

888 4302 893 4314 ·
1013 4206 1345 4282 mendam
1408 4210 1604 4280 exire
1662 4205 1998 4289 solebat„
2114 4205 2334 4303 Quod
2398 4229 2791 4306 poenarum
2859 4233 3095 4308 genus
3155 4233 3293 4305 pro
3349 4208 3820 4291 fundamento

1266 4481 1655 4559 certandum
1712 4489 1901 4559 erat,
1959 4499 2189 4563 quum,
2217 4484 2393 4545 ultio
2451 4484 2594 4552 ina.
2631 4502 2756 4548 nec
2807 4485 2891 4549 ab
2933 4484 3216 4552 Jacobo.
3248 4506 3374 4552 nec
3412 4486 3504 4552 ab
3540 4486 3819 4552 Rubeno

1266 4570 1565 4651 profecta
1606 4568 1728 4643 sit,
1776 4584 1919 4626 eam
1949 4567 2150 4628 etiam
2191 4586 2275 4627 eo
2315 4563 2617 4647 tempore
2659 4586 2796 4629 non
2837 4570 3053 4631 solum
3104 4569 3189 4633 ad
3230 4574 3541 4655 proxime
3578 4590 3819 4658 cogna-

1270 4660 1445 4728 tum,
1489 4647 1606 4711 sed
1651 4650 1722 4709 in
1765 4650 2148 4711 universum
2175 4646 2263 4709 ad
2305 4657 2515 4712 totam
2558 4652 2889 4715 familiam
2928 4658 3332 4737 pertinuisse
3372 4657 3616 4720 merito
3658 4673 3818 4717 con-

1263 4731 1533 4799 cludere
1577 4729 1884 4816 equidem
1935 4730 2106 4795 mihi
2146 4729 2404 4797 videor.
