4500 5567
488 3730 525 3738 ..-

919 922 938 942 .
1045 868 1287 965 Atque
1336 863 1516 936 baec
1566 857 1861 963 quidem
1909 863 2294 937 hactenus.
2375 895 2384 908 ·
3047 945 3056 966 1

940 967 1015 1070 §-
1068 964 1150 1037 6.
1259 966 1646 1065 Sequitur,
1740 975 1826 1036 nt
1891 961 1979 1037 de
2055 990 2140 1038 eo
2208 965 2642 1058 dissei-atur,
2734 968 2910 1066 quid
2963 970 3208 1046 Moses
3275 972 3362 1052 de
3428 975 3550 1068 iis,

739 1095 1039 1173 quorum
1101 1076 1253 1141 erat
1311 1073 1708 1166 poenarum
1775 1066 2028 1163 capitis
2094 1069 2484 1158 exsecutio,
2576 1065 2961 1143 definierit.
3099 1073 3262 1146 Jam
3330 1099 3554 1172 quum

740 1170 1273 1260 antecedentem
1319 1164 1697 1265 periodum
1744 1164 2316 1261 delinearemus,
2386 1170 2466 1239 in
2518 1165 2971 1267 legislatione
3012 1173 3327 1247 Mosaica
3371 1200 3556 1272 opus

666 1281 671 1286 ’
742 1273 968 1346 fuisse
1019 1270 1460 1361 monuimus,
1514 1267 1597 1340 ut
1645 1278 1942 1366 propter
1989 1271 2446 1367 punientium
2495 1269 2738 1341 odium
2792 1271 3333 1347 acerbissimum
3383 1299 3553 1348 con-

616 1429 623 1444 ,
740 1377 1121 1472 tinuasque
1167 1373 1401 1458 rixas,
1457 1395 1682 1468 qnae,
1741 1396 1965 1469 quum
1998 1397 2040 1442 a
2087 1381 2289 1468 patre
2329 1369 2422 1442 ad
2465 1370 2742 1462 filium,
2796 1397 2839 1444 a
2887 1372 3043 1447 filio
3083 1374 3176 1448 ad
3224 1387 3555 1474 nepotem

740 1486 955 1575 atque
1006 1478 1107 1546 ita
1153 1474 1230 1544 in
1274 1470 1640 1544 infinitum
1684 1472 1775 1542 ab
1822 1497 1972 1568 φο
2023 1470 2113 1543 ad
2163 1469 2468 1544 alterum
2518 1473 2947 1566 transirent,
3004 1486 3191 1549 totas
3243 1476 3582 1560 familias·

740 1585 1182 1664 everterent,
1249 1572 1617 1644 vindicum
1663 1572 2037 1667 sanguinis
2082 1568 2250 1668 jura
2299 1571 2724 1646 arctioribus
2776 1572 3049 1648 finibus
3097 1575 3551 1650 includeren-

740 1689 901 1752 tur:
1008 1675 1087 1749 id
1148 1676 1376 1774 igitur
1444 1667 1805 1769 quomodo
1865 1670 2137 1743 factum
2196 1673 2334 1763 sit,
2432 1695 2628 1746 nune
2680 1678 3083 1750 accuratius
3147 1677 3545 1751 videamus.

741 1778 1037 1853 Summa
1088 1785 1325 1846 autem
1374 1770 1760 1867 prudentia
1807 1780 2023 1868 atque
2067 1773 2703 1870 circumspectione
2748 1775 3038 1871 Moses,
3120 1805 3344 1878 quum
3398 1781 3554 1851 vin-

743 1879 1003 1954 dictam
1048 1874 1462 1975 sanguiniS,
1520 1896 1663 1969 qua
1712 1872 1972 1943 omissa
2017 1872 2208 1944 fama
2260 1872 2465 1969 ejus,
2522 1874 2650 1973 qui
2682 1875 3095 1972 omittebat,
3153 1892 3369 1978 atque
3420 1878 3552 1954 bo·

621 2060 633 2076 .
742 2005 878 2054 nos
924 2004 1016 2051 ex
1065 1975 1437 2047 hominum
1488 1970 1615 2044 illo
1668 1981 1984 2070 tempore
2027 1975 2426 2045 viventium
2489 1975 2801 2073 quodam
2864 1977 3309 2076 praejudicio
3337 1999 3552 2054 ‘sum-‘-

741 2104 861 2153 mo
903 2103 1123 2176 opere
1182 2075 1773 2173 prostitueretur,
1859 2073 2182 2147 nondum
2246 2099 2548 2172 prorsus
2598 2073 2760 2147 tolli
2811 2102 3028 2173 posse
3080 2078 3546 2179 intelligeret,

741 2205 875 2255 sex
920 2176 1113 2278 asyla
1165 2173 1510 2248 condidit.
1619 2172 1787 2267 Quo
1834 2176 1969 2274 qui
2020 2172 2524 2273 confugiebat,
2596 2174 2688 2247 ab
2721 2176 3026 2262 ,insidiis
3072 2178 3270 2251 iltius
3316 2179 3551 2254 vindi·

743 2283 850 2356 cis
898 2289 1097 2353 tutus
1148 2284 1804 2373 manere=poterat,
1859 2280 1965 2368 si,
2021 2277 2249 2372 ipsius
2306 2300 2519 2348 eausa
2570 2269 2834 2350 coram'
2852 2265 3228 2377 judicibus
3269 2282 3353 2354 in
3403 2278 3552 2376 ‹lis-

741 2383 1217 2478 ceptationem
1259 2384 1503 2449 vocata
1524 2425 1548 2468 ,
1646 2386 1914 2449 temere
1959 2385 2030 2450 at
2134 2402 2175 2450 e
2215 2373 2741 2468 inconsiderate
2785 2404 2951 2452 eum
2998 2391 3296 2454 mortem
3356 2382 3564 2456 intu·.

738 2481 913 2555 lisse
963 2477 1352 2592 apparebat
1401 2475 1655 2575 (Num.
1690 2472 1827 2567 55,
1881 2470 2012 2547 18.
2110 2471 2194 2548 4.
2239 2469 2445 2577 28..)
2552 2477 2686 2550 Sin
2729 2504 2903 2552 vero
2949 2484 3320 2555 convictus
3362 2493 3547 2584 erat,

739 2582 937 2683 quod
982 2579 1426 2655 considerate
1479 2587 1554 2650 et
1618 2601 1752 2675 per
1800 2577 2103 2651 insidias
2162 2575 2258 2650 ali
2366 2603 2478 2652 em
2538 2578 3059 2673 interemisset,
3154 2583 3234 2655 iu
3291 2591 3586 2657 manus*

737 2683 1155 2759 tradebatur
1197 2675 1508 2752 vindicis
1560 2675 1812 2780 (Num.
1852 2673 1999 2771 58,
2053 2672 2198 2750 20.
2248 2603 2450 2778 2111..)
2560 2677 2821 2777 Neque
2865 2706 3037 2754 vero
3085 2681 3266 2782 asyli
3316 2683 3546 2775 illius,

736 2788 817 2860 in
858 2782 1056 2885 quod
1099 2780 1554 2882 perfugerat,
1625 2778 1810 2856 fines
1864 2777 2194 2858 deserere
2239 2778 2351 2850 illi
2399 2774 2700 2869 licebat,
2770 2781 2913 2851 nisi
2962 2782 3149 2854 forte
3219 2785 3552 2880 pontifex

739 2889 1091 2960 maximus
1141 2894 1443 2958 mortem
1487 2882 1710 2976 obiit3
1775 2905 1922 2978 quo
1958 2877 2203 2969 facto,
2259 2879 2389 2978 qui
2439 2902 2518 2949 se
2563 2879 2812 2951 invitis
2861 2877 3329 2956 homicidium
3385 2909 3550 2982 per.

739 2995 1233 3084 petraverant,
1307 2987 1407 3058 im
1459 2982 1643 3055 uniti
1686 3006 1779 3054 ne
1885 3006 1925 3052 e
1970 2978 2391 3053 ulteriorem
2437 2974 2827 3052 vindictam
2873 2981 3209 3055 timentes
3258 2979 3552 3057 domum

739 3086 978 3159 redire
1028 3096 1361 3184 poterant
1401 3085 1429 3185 (
1503 3107 1655 3156 um.
1706 3006 1879 3174 δὲῃ
1900 3075 2103 3183 28.).
2250 3076 2535 3174 Quodsi
2598 3079 2806 3177 prius
2869 3081 3288 3182 perfugium
3337 3109 3550 3160 suum

735 3183 1283 3284 relinquebant,
1336 3185 1604 3257 vindex
1654 3184 2028 3283 sanguinis
2079 3207 2243 3255 cum
2289 3179 2459 3278 jure
2509 3205 2642 3252 suo
2694 3206 2931 3280 neque
2981 3181 3269 3281 legibus
3318 3185 3550 3262 civili·⁸

736 3285 880 3361 bus
930 3282 1317 3382 impeditus
1369 3310 1534 3374 eos,
1603 3309 2038 3382 quocunque
2091 3277 2675 3377 deprehendebat
2723 3278 2930 3373 loco,
2985 3279 3344 3356 trucidare
3391 3298 3564 3382 pot-.

740 3398 898 3464 erat
946 3384 1199 3486 (Num.
1252 3380 1400 3477 55,
1454 3379 1592 3480 27.
1649 3380 1858 3477 28.).
2002 3384 2115 3453 lta
2158 3407 2274 3453 res
2321 3406 2401 3453 se
2465 3377 2822 3473 babebat,
2912 3382 2976 3454 ei
3027 3384 3193 3482 quis
3241 3384 3550 3459 vindicis

741 3489 1121 3586 sanguinis
1170 3511 1385 3585 opera
1438 3484 1594 3559 telis
1641 3479 2075 3558 occidendus
2119 3490 2298 3554 erat.
2432 3478 2513 3552 Si
2547 3490 2803 3554 ‘autem
2869 3480 3033 3578 quis
3081 3508 3217 3579 per
3273 3483 3552 3583 lapides

740 3599 1043 3662 mortem
1078 3598 1414 3685 oppetere
1465 3583 1805 3678 debebat,
1852 3584 1937 3677 ii,
1995 3584 2122 3683 qui
2153 3605 2390 3657 coram
2431 3578 2726 3684 judicio.
2754 3579 3118 3657 testificati
3162 3582 3261 3686 1⁰)
3313 3597 3545 3680 erant,

869 3857 940 3941 9)
998 3858 1283 3940 Quinam
1329 3866 1550 3921 antem
1604 3849 1715 3920 illi
1774 3853 2023 3935 judices
2077 3857 2370 3935 fuerint,
2433 3857 2690 3940 optime
2742 3876 2867 3924 nos
2908 3855 3193 3924 edocent
3245 3852 3320 3915 hi
3377 3853 3546 3917 loci:

992 3942 1199 4006 Num.
1239 3944 1354 4019 11,
1401 3945 1502 4005 16.
1547 3941 1650 4004 25.
1695 3943 1798 4007 26.
1860 3937 2065 4006 Exod.
2116 3942 2229 4021 18,
2275 3944 2380 4012 21.
2430 3942 2534 4006 25.

830 4026 941 4106 10)
1001 4027 1077 4091 Si
1120 4028 1270 4111 quis
1313 4025 1553 4109 capitis
1596 4024 2064 4103 accusabatur,
2123 4022 2256 4089 duo
2299 4024 2537 4088 saltem
2577 4026 2689 4091 vel
2730 4036 2869 4091 tres
2909 4032 3108 4091 testes
3146 4018 3400 4105 judicio
3441 4023 3551 4084 in-

997 4123 1244 4177 teresse
1288 4107 1646 4186 debebant,
1692 4109 1810 4190 qui
1853 4118 2090 4171 contra
2131 4108 2508 4172 maleficum
2549 4118 2956 4173 testarentur
2996 4106 3225 4188 (Num.
3270 4107 3396 4186 35,
3441 4108 3547 4172 30.

993 4197 1195 4261 Dent.
1243 4195 1358 4271 1⁹7,
1405 4193 1515 4266 6.).
1572 4189 1581 4200 ’
1620 4187 1715 4254 Ut
1755 4201 1975 4258 autem
2019 4192 2131 4253 illi
2165 4211 2331 4255 vera
2387 4212 2509 4255 nec
2551 4195 2893 4256 malitiosa
2935 4191 3211 4257 ederent
3252 4191 3550 4256 testimo-
3601 4184 3622 4204 ⁶

880 4285 903 4298 “
992 4283 1142 4357 nia,
1198 4297 1240 4341 a
1290 4275 1821 4363 legislatoribus,
1880 4276 2040 4359 quip
2181 4278 2300 4357 qui
2353 4274 2653 4355 eosdem,
2719 4277 2839 4360 qui
2890 4276 3058 4363 falsa
3104 4289 3225 4338 ore
3265 4272 3550 4358 professi

995 4370 1250 4438 essent,
1310 4379 1387 4428 ea
1426 4380 1627 4428 manu
1669 4359 1785 4424 vix
1841 4376 1880 4422 a
1926 4378 2049 4443 pro
2098 4366 2328 4426 atnros
2380 4357 2764 4439 crederent,
2839 4359 3223 4423 mandatum
3269 4364 3400 4432 est,
3469 4361 3551 4418 ut

990 4454 1193 4520 testes
1233 4447 1342 4508 illi
1371 4449 1665 4529 primm
1707 4444 1846 4528 lapi
1895 4464 1999 4510 em
2033 4444 2352 4523 iacerent.
2433 4441 2562 4507 Cui
2593 4443 2812 4508 eidem
2853 4445 2977 4507 fini
3019 4442 3306 4508 inservit
3345 4435 3550 4500 etiam

993 4524 1159 4587 baec
1208 4530 1351 4606 lex,
1417 4552 1500 4594 ex
1554 4549 1687 4612 qua
1739 4529 1957 4592 multa
2009 4547 2161 4590 cum
2215 4525 2576 4613 prudentia
2633 4526 2927 4594 edictum
2988 4533 3169 4602 erat,
3227 4529 3307 4582 ut
3346 4528 3550 4585 testes

992 4608 1281 4687 falsarii„
1310 4611 1487 4674 idem
1544 4623 1966 4698 paterentur,
2033 4610 2212 4697 quod
2269 4614 2359 4695 ii,
2420 4611 2503 4676 de
2559 4613 2800 4695 quibus
2858 4603 3550 4674 testimonium-dice·

994 4693 1193 4773 bant,
1234 4693 1294 4757 si
1336 4703 1646 4762 votorum
1687 4700 1968 4763 fuissent
2010 4695 2343 4780 damnati,
2388 4717 2471 4762 ex
2511 4696 2774 4784 legibus
2816 4692 3113 4777 perpessi
3161 4697 3401 4755 essent.

679 643 685 650 .
3447 559 3560 656 15
3689 571 3698 580 ’

674 807 701 827 x
735 794 905 974 Ee)
932 717 1277 846 adversus
1319 759 1721 857 sacerdotes
1773 771 1850 835 et
1889 760 2176 861 judiees
2210 761 2280 864 ⁹)
2330 773 2559 839 morte
2609 763 3093 844 mulctabatur
3127 765 3385 874 (Dent.
3418 766 3552 866 17,
3701 751 3726 762 ⁸
